@article{ada06,
  author = {Adami, C.},
  title = {Digital genetics: unraveling the genetic basis of evolution},
  journal = {Nature Rev. Genet.}, volume = {7}, pages = {109-118}, year = {2006}
}

@article{arg07,
  author = {Arguello-Astorga, G. and Ascencio-Ib\'a\~nes, J. T. and
    Dallas, M. B. and Orozco, B. M. and Hanley-Bowdoin, L.}, year = {2007},
  title = {High-frequency reversion of geminivirus replication protein
    mutants during infection},
  journal = {J. Virol.}, volume = {81}, pages = {11005-11015}
}

@article{bar00,
  author = {Barbash, D. A. and Roote, J. and Ashburner, M.},
  title = {The \emph{Drosophila melanogaster Hybrid male rescue}
    gene causes inviability in male and female species hyblids},
  journal = {Genetics}, volume = {154}, pages = {1747-1771}, year = {2000}
}

@book{bis96,
  author = {Bisaro, D. M.}, year = {1996},
  title = {Geminivirus {DNA} replication},
  editor = {DePamphilis, M.},
  booktitle = {{DNA} Replication in Eukariotic Cells},
  publisher = {Cold Spring Harbor Laboratory Press},
  address = {Cold Spring Harbor}
}

@article{bjo00,
  author = {Bj\"orkman, J. and Nagaev, I. and Berg, O. G. and Hughes, D. and
      Andersson, D. I.}, year = {2000},
  title = {Effects of environment on compensatory mutations
    to ameliorate costs of antibiotic resistance},
  journal = {Science}, volume = {287}, pages = {1479-1482}
}

@article{bol05,
  author = {Bolnick, Daniel I. and Near, Thomas J.},
  title = {Tempo of hybrid inviability in centrarchid fishes
    (Teleostei: Centrarchidae)},
  journal = {Evolution}, volume = {59}, pages = {1754-1767}, year = {2005}
}

@book{bol08,
  author = {Bolker, B. M.},
  title = {Ecological models and data in R},
  publisher = {Princeton University Press}, address = {Princeton, NJ},
  year = {2008}
}

@article{bur99,
  author = {Burch, C. L. and Chao, L.}, year = {1999},
  title = {Evolution by small steps and rugged landscapes
    in the {RNA} virus $\upphi$6},
  journal = {Genetics}, volume = {151}, pages = {921-927}
}

@article{cho04,
  author = {Chow, S. S. and Wilke, C. O. and Ofria, C. and Lenski, R. E.
    and Adami, C.},
  title = {Adaptive radiation from resource competition in digital organisms},
  journal = {Science}, volume = {305}, pages = {84-86}, year = {2004}
}

@article{chu11,
  author = {Chun, S. and Fay, J. C.}, year = {2011},
  title = {Evidence for hitchhiking of deleterious mutations
    within the human genome},
  journal = {PLoS Genet}, volume = {7}, pages = {e1002240}
}

@article{clu08,
  author = {Clune, J. and Misevic, D. and Ofria, C. and Lenski, R. E.
    and Elena, S. F. and Sanju\'an, R.},
  title = {Natural selection fails to optimize mutation rates
    for long-term adaptation on rugged fitness landscapes},
  journal = {PLoS Comput. Biol.}, volume = {4}, pages = {e1000187},
  year = {2008}
}

@book{coy04,
  author = {Coyne, Jerry A. and Orr, H. Allen},
  title = {Speciation},
  publisher = {Sinauer Associates, Inc.}, address = {Sunderland, MA},
  year = {2004}
}

@article{duf09,
  author = {Duffy, S. and Holmes, E. C.}, year = {2009},
  title = {Validation of high rates of nucleotide substitution in geminiviruses:
    phylogenetic evidence from East African cassava mosaic viruses},
  journal = {J. Gen. Virol.}, volume = {90}, pages = {1539-1547}
}

@article{ele98,
  author = {Elena, S. F. and D\'{a}vila, M. and Novella, I. S. and
    Holland, J. J. and Domingo, E. and Moya, A.}, year = {1998},
  journal = {Evolution}, volume = {52}, pages = {309-314}
}

@article{ele06,
  author = {Elena, S. F. and Carrasco, P. and Dar\`os, J. A.
    and Sanju\'an, R.},
  title = {Mechanisms of genetic robustness in {RNA} viruses},
  journal = {EMBO Reps.}, volume = {7}, pages = {168-173}, year = {2006}
}

@article{ele07,
  author = {Elena, S. F. and Wilke, C. O. and Ofria, C. and Lenski, R. E.},
  title = {Effects of population size and mutation rate
    on the evolution of mutational robustness},
  journal = {Evolution}, volume = {61}, pages = {666-674}, year = {2007}
}

@article{est03,
  author = {Estes, S. and Lynch, M.}, year = {2003},
  title = {Rapid fitness recovery in mutationally degraded lines of
    \textit{Caenorhabditis elegans}},
  journal = {Evolution}, volume = {57}, pages = {1022-1030}
}

@article{est11,
  author = {Estes, S. and Phillips, P. C. and Denver, D. R.}, year = {2011},
  title = {Fitness recovery and compensatory evolution in natural
    mutant lines of \textit{C. elegans}},
  journal = {Evolution}, volume = {65}, pages = {2335-2344}
}

@article{gif11,
  author = {Gifford, D. R. and Schoustra, S. E. and Kassen, R.}, year = {2011},
  title = {The length of adaptive walks is insensitive to starting fitness
    in \emph{Aspergillus nidulans}},
  journal = {Evolution}, volume = {65}, pages = {3070-3078}
}

@article{gou10,
  author = {Gourbi\`ere, S\'ebastien and Mallet, James},
  title = {Are species real? The shape of the species boundary
    with exponential failure, reinforcement, and the ``missing snowball''},
  journal = {Evolution}, volume = {64}, pages = {1-24}, year = {2010}
}

@article{har11,
  author = {Hartfield, M. and Otto, S. P.}, year = {2011},
  title = {Recombination and hitchhiking of deleterious alleles},
  journal = {Evolution}, volume = {65}, pages = {2421-2434}
}

@article{har96,
  author = {Hartl, D. L. and Taubes, C. H.}, year = {1996},
  title = {Compensatory nearly neutral mutations: Selection without adaptation},
  journal = {J. Theor. Biol.}, volume = {182}, pages = {303-309}
}

@article{lan94,
  author = {Lande, R.}, year = {1994},
  title = {Risk of population extinction from new deleterious mutations},
  journal = {Evolution}, volume = {48}, pages = {1460-1469}
}

@article{len03,
  author = {Lenski, R. E. and Ofria, C. and Pennock, R. T. and Adami, C.},
  title = {The evolutionary origin of complex features},
  journal = {Nature}, volume = {423}, pages = {139-144}, year = {2003}
}

@article{len99,
  author = {Lenski, R. E. and Ofria, C. and Collier, T. C. and Adami, C.},
  title = {Genome complexity, robustness, and genetic interactions
    in digital organisms},
  journal = {Nature}, volume = {400}, pages = {661-664}, year = {1999}
}

@article{lev00,
  author = {Levin, B. R. and Perrot, V. and Walker, N.}, year = {2000},
  title = {Compensatory mutations, antibiotic resistance and
    the population genetics of adaptive evolution in bacteria},
  journal = {Genetics}, volume = {154}, pages = {985-997}
}

@article{lij03,
  author = {Lijtmaer, Dario A. and Mahler, Betina and Turbaro, Pablo L.},
  title = {Hybridization and postzygotic isolation patterns
    in pigeons and doves},
  journal = {Evolution}, volume = {57}, pages = {1411-1418}, year = {2003}
}

@article{lyn95,
  author = {Lynch, M. and Conery, J. and B\"{u}rger, R.}, year = {1995},
  title = {Mutation accumulation and the extinction of small populations},
  journal = {The American Naturalist}, volume = {146}, pages = {489-518}
}

@article{mai02,
  author = {Maisnier-Patin, S. and Berg, O. G. and Liljas, L. and
    Andersson, D. I.},
  title = {Compensatory adaptation to the deleterious effect of
    antibiotic resistance in \textit{Salmonella typhimurium}},
  journal = {Mol. Microbiol.}, volume = {46}, pages = {355-366}, year = {2002}
}

@article{mal08,
  author = {Malon, John H. and Fontenot, Brian E.},
  title = {Patterns of reproductive isolation in toads},
  journal = {PLoS ONE}, volume = {3}, pages = {e3900}, year = {2008}
}

@article{mat10,
  author = {Matute, Daniel R. and Butler, Ian A. and Turissini, David A. and
    Coyne, Jerry A.},
  title = {A test of the snowball theory for the rate of evolution of
    hybrid incompatibilities},
  journal = {Science}, volume = {329}, pages = {1518-1521}, year = {2010}
}

@article{men04,
  author = {Mendelson, Tamra C. and Inouye, Brian D. and Rausher, Mark D.},
  title = {Quantifying patterns in the evolution of reproductive isolation},
  journal = {Evolution}, volume = {58}, pages = {1424-1433}, year = {2004}
}

@article{mis06,
  author = {Misevic, D. and Ofria, C. and Lenski, R. E.},
  title = {Sexual reproduction reshapes the genetic architecture
    of digital organisms},
  journal = {Proc. R. Soc. B}, volume = {273}, pages = {457-464}, year = {2006}
}

@article{mis10,
  author = {Misevic, D. and Ofria, C. and Lenski, R. E.},
  title = {Experiments with digital organisms on the origin
    and maintenance of sex in changing environments},
  journal = {J. Hered.}, volume = {101}, pages = {S46-S54}, year = {2010}
}

@article{moo00,
  author = {Moore, F. B. G. and Rozen, D. E. and Lenski, R. E.}, year = {2000},
  title = {Pervasive compensatory adaptation in Escherichia coli},
  journal = {Proc. R. Soc. Lond. B}, volume = {267}, pages = {515-522}
}

@article{moy10,
  author = {Moyle, Leonie C. and Makazato, Takuya},
  title = {Hybrid incompatibility ``snowballs'' between \emph{Solanum} species},
  journal = {Science}, volume = {329}, pages = {1521-1523}, year = {2010}
}

@article{now97,
  author = {Nowak, M. A. and Boerlijst, M. C. and Cooke, J.
    and Maynard Smith, J.},
  title = {Evolution of genetic redundancy},
  journal = {Nature}, volume = {388}, pages = {167-171}, year = {1997}
}

@article{ofr04,
  author = {Ofria, C. and Wilke, C. O.},
  title = {Avida: a software platform for research
    in computational evolutionary biology},
  journal = {Artif. Life}, volume = {10}, pages = {191-229}, year = {2004}
}

@article{orr00,
  author = {Orr, H. A. and Irving, S.},
  title = {Genetic analysis of the \emph{Hybrid male rescue}
    locus of \emph{Drosophila}},
  journal = {Genetics}, volume = {155}, pages = {225-231}, year = {2000}
}

@article{orr02,
  author = {Orr, H. A.}, year = {2002},
  title = {The population genetics of adaptation:
    the adaptation of {DNA} sequences},
  journal = {Evolution}, volume = {56}, pages = {1317-1330}
}

@article{orr95,
  author = {Orr, H. Allen},
  title = {The population genetics of speciation:
    The evolution of hybrid incompatibilities},
  journal = {Genetics}, volume = {139}, pages = {1805-1813}, year = {1995}
}

@article{pau07,
  author = {Paulander, W. and Maisnier-Patin, S. and Andersson, D. I.},
  year = {2007}, title = {Multiple mechanisms to ameliorate the fitness burden
    of mupirocin resistance in \emph{Salmonella typhimurium}},
  journal = {Mol. Microbiol.}, volume = {64}, pages = {1038-1048}
}

@article{per10,
  author = {Perron, G. G. and Hall, A. R. and Buckling, A.}, year = {2010},
  title = {Hypermutability and compensatory adaptation
    in antibiotic-resistant bacteria},
  journal = {Am. Nat.}, volume = {176}, pages = {303-311}
}

@article{pre10,
  author = {Presgraves, D. C.}, year = {2010},
  title = {Speciation genetics: search for the missing snowball},
  journal = {Curr. Biol.}, volume = {20}, pages = {R1073-R1074}
}

@article{poo00,
  author = {Poon, A. and Otto, S. P.}, year = {2000},
  title = {Compensating for our load of mutations:
    freezing the meltdown of small populations},
  journal = {Evolution}, volume = {54}, pages = {1467-1479}
}

@article{poo05,
  author = {Poon, A. and Davis, B. H. and Chao, L.}, year = {2005},
  title = {The coupon collector and the suppressor mutation:
    estimating the number of compensatory mutations by maximum likelihood},
  journal = {Genetics}, volume = {170}, pages = {1323-1332}
}

@article{poo05b,
  author = {Poon, A. and Chao, L.}, year = {2005},
  title = {The rate of compensatory mutation in the {DNA} bacteriophage
    $\upphi${X}174},
  journal = {Genetics}, volume = {170}, pages = {989-999}
}

@article{ren11,
  author = {Rendel, M. D.}, year = {2011},
  title = {Adaptive evolutionary walks require neutral intermediates
    in {RNA} fitness landscapes},
  journal = {Theor. Pop. Biol.}, volume = {79}, pages = {12-18}
}

@article{san05,
  author = {Sanju\'an, R. and Cuevas, J. M. and Moya, A. and Elena, S.F.},
  year = {2005}, title = {Epistasis and the adaptability of an {RNA} virus},
  journal = {Genetics}, volume = {170}, pages = {1001-1008}
}

@article{sch06,
  author = {Schoustra, S. E. and Debets, A. J. M. and Slakhorst, M.
    and Hoekstra, R. F.}, year = {2006},
  title = {Reducing the cost of resistance; experimental evolution
    in the filamentous fungus \emph{Aspergillus nidulans}},
  journal = {J. Evol. Biol.}, volume = {19}, pages = {1115-1127}
}

@article{sch97,
  author = {Schrag, S. J. and Perrot, V. and Levin, B. R.}, year = {1997},
  title = {Adaptation to the fitness costs of antibiotic resistance in
    \emph{Escherichia coli}},
  journal = {Proc. R. Soc. Lond. B}, volume = {264}, pages = {1287-1291}
}

@article{sco08,
  author = {Scopece, Giovanni and Widmer, Alex and Cozzolino, Salvatore},
  title = {Evolution of postzygotic reproductive isolation
    in a guild of deceptive orchids},
  journal = {Am. Nat.}, volume = {171}, pages = {315-326}, year = {2008}
}

@article{soy12,
  author = {Soylemez, O. and Kondrashov, F. A.}, year = {2012},
  title = {Estimating the rate of irreversibility in protein evolution},
  journal = {Genome Biol. Evol.}, volume = {4}, pages = {1213-1222}
}

@article{tor10,
  author = {Torres-Barcel\'o, C. T. and Dar\`os, J.-A. and Elena, S. F.},
  year = {2010}, title = {Compensatory molecular evolution of HC-Pro,
    an {RNA}-slicing suppressor from a plant {RNA} virus},
  journal = {Mol. Biol. Evol.}, volume = {27}, pages = {543-551}
}

@article{wag99,
  author = {Wagner, A.},
  title = {Redundant gene functions and natural selection},
  journal = {J. Evol. Biol.}, volume = {12}, pages = {1-16}, year = {1999}
}

@article{whi00,
  author = {Whitlock, M. C.}, year = {2000},
  title = {Fixation of new alleles and the extinction of small populations:
    drift load, beneficial alleles, and sexual selection},
  journal = {Evolution}, volume = {54}, pages = {1855-1861}
}

@article{whi03,
  author = {Whitlock, M. C. and Griswold, C. K. and Peters, A. D.},
  year = {2003}, title = {Compensating for the meltdown: the critical effect
    size of a population with deleterious and compensatory mutations},
  journal = {Ann. Zool. Fennici}, volume = {40}, pages = {169-183}
}

@article{wil01,
  author = {Wilke, C. O. and Wang, J. L. and Ofria, C. and Lenski, R. E.
    and Adami, C.},
  title = {Evolution of digital organisms at high mutation rates
    leads to survival of the flattest},
  journal = {Nature}, volume = {412}, pages = {331-333}, year = {2001}
}

@article{wil02,
  author = {Wilke, C. O. and Adami, C.},
  title = {The biology of digital organisms}, journal = {Trends Ecol. Evol.},
  volume = {17}, pages = {528-532}, year = {2002}
}
