@article{ada06,
  author = {Adami, C.},
  title = {Digital genetics: unraveling the genetic basis of evolution},
  journal = {Nature Rev. Genet.}, volume = {7}, pages = {109-118}, year = {2006}
}

@article{bar03,
  author = {Barbash, D. A. and Siino, D. F. and Tarone, A. M. and Roote, J.},
  title = {A rapidly evolving MYB-related protein causes species isolation
    in \textit{Drosophila}}, journal = {Proc. Natl. Acad. Sci. USA},
  volume = {100}, pages = {5302-5307}, year = {2006}
}

@article{bjo00,
  author = {Bj\"orkman, J. and Nagaev, I. and Berg, O. G. and Hughes, D. and
    Andersson, D. I.},
  title = {Effects of environment on compensatory mutations
    to ameliorate costs of antibiotic resistance},
  journal = {Science},
  volume = {287},
  pages = {1479-1482},
  year = {2000}
}

@article{bur99,
  author = {Burch, C. L. and Chao, L.},
  title = {Evolution by small steps and rugged landscapes in the {RNA} virus
    $\phi$6},
  journal = {Genetics},
  volume = {151},
  pages = {921-927},
  year = {1999}
}

@article{bri06,
  author = {Brideau, N. J. and Flores, H. A. and Wang, J. and
    Maheshwari, S. and Wang, X. and Barbash, D. A.},
  title = {Two Dob\-zhan\-sky-Mul\-ler genes interact
    to cause hybrid lethality in \textit{Drosophila}},
  journal = {Science}, volume = {314}, pages = {1292-1295}, year = {2006}
}

@article{cho04,
  author = {Chow, S. S. and Wilke, C. O. and Ofria, C. and Lenski, R. E. and
    Adami, C.},
  title = {Adaptive radiation from resource competition in digital organisms},
  journal = {Science},
  volume = {305},
  pages = {84-86},
  year = {2004}
}

@article{chu11,
  author = {Chun, S. and Fay, J. C.}, year = {2011},
  title = {Evidence for hitchhiking of deleterious mutations
    within the human genome},
  journal = {PLoS Genet}, volume = {7}, pages = {e1002240}
}

@book{coy04,
  author = {Coyne, J. A. and Orr, H. A.},
  title = {Speciation},
  publisher = {Sinauer Associates},
  address = {Sunderland, MA},
  year = {2004}
}

@book{dar59,
  author = {Darwin, C.},
  title = {On the Origin of Species by Means of Natural Selection,
    or the Preservation of Favored Races in the Struggle for Life},
  publisher = {John Murray},
  address = {London},
  year = {1859}
}

@article{den10,
  author = {Denver, D. R. and Howe, D. K and Wilhelm, L. J. and
    Palmer, C. A. and Anderson, J. L. and Stein, K. C. and
    Phillips, P. C. and Estes, S.},
  title = {Selective sweeps and parallel mutation in the adaptive recovery
    from deleterious mutation in \emph{Caenorhabditis elegans}},
  journal = {Genome Res.},
  volume = {20},
  pages = {1663-1671},
  year = {2007}
}

@article{det07,
  author = {Dettman, J. R. and Sirjusingh, C. and Kohn, L. M. and
    Anderson, J. B.},
  title = {Incipient speciation by divergent adaptation and
    antagonistic epistasis in yeast},
  journal = {Nature},
  volume = {447},
  pages = {585-588},
  year = {2007}
}

@article{ele07,
  author = {Elena, S. F. and Wilke, C. O. and Ofria, C. and Lenski, R. E.},
  title = {Effects of population size and mutation rate
    on the evolution of mutational robustness},
  journal = {Evolution}, volume = {61}, pages = {666-674}, year = {2007}
}

@article{ele08,
  author = {Elena, S. F. and Sanju\'an, R.},
  title = {The effect of genetic robustness on evolvability
    in digital organisms},
  journal = {BMC Evol. Biol.}, volume = {8}, pages = {284}, year = {2008}
}

@article{est03,
  author = {Estes, S. and Lynch, M.},
  title = {Rapid fitness recovery in mutationally degraded lines of
    \textit{Caenorhabditis elegans}},
  journal = {Evolution},
  volume = {57},
  pages = {1022-1030},
  year = {2003}
}

@article{est11,
  author = {Estes, S. and Phillips, P. C. and Denver, D. R.},
  title = {Fitness recovery and compensatory evolution in natural
    mutant lines of \textit{C. elegans}},
  journal = {Evolution},
  volume = {65},
  pages = {2335-2344},
  year = {2011}
}

@book{gil04,
  author = {Gillespie, J. H.},
  title = {Population Genetics: A Concise Guide},
  publisher = {The Johns Hopkins University Press},
  address = {Baltimore, MD},
  edition = {2nd},
  year = {2004}
}

@article{har96,
  author = {Hartl, D. L. and Taubes, C. H.},
  title = {Compensatory nearly neutral mutations: Selection without adaptation},
  journal = {J. Theor. Biol.},
  volume = {182},
  pages = {303-309},
  year = {1996}
}

@article{joh10,
  author = {Johnson, N. A.},
  title = {Hybrid incompatibility genes: remnants of a genomic battlefield?},
  journal = {Trends Genet.},
  volume = {26},
  pages = {317-325},
  year = {2010}
}

@article{kon02,
  author = {Kondrashov, A. S. and Sunyaev, S. and Kondrashov, F. A.},
  title = {Dobzhansky-Muller incompatibilities in protein evolution},
  journal = {Proc. Natl. Acad. Sci. USA}, volume = {99}, pages = {14878-14883},
  year = {2002}
}

@article{kul04,
  author = {Kulathinal, R. J. and Bettencourt, B. R. and Hartl, D. L.},
  title = {Compensated deleterious mutations in insect genomes},
  journal = {Science},
  volume = {306},
  pages = {1553-1554},
  year = {2004}
}

@article{lan94,
  author = {Lande, R.}, year = {1994},
  title = {Risk of population extinction from fixation
    of new deleterious mutations},
  journal = {Evolution}, volume = {48}, pages = {1460-1469}
}

@article{lan07,
  author = {Landry, C. R. and Hartl, D. L. and Ranz, J. M.},
  title = {Genome clashes in hybrids: insights from gene expression},
  journal = {Heredity}, volume = {99}, pages = {483-493}, year = {2007}
}

@article{len99,
  author = {Lenski, R. E. and Ofria, C. and Collier, T. C. and Adami, C.},
  title = {Genome complexity, robustness and genetic interactions
    in digital organisms},
  journal = {Nature},
  volume = {400},
  pages = {661-664},
  year = {1999}
}

@article{len03,
  author = {Lenski, R. E. and Ofria, C. and Pennock, R. T. and Adami, C.},
  title = {The evolutionary origin of complex features},
  journal = {Nature},
  volume = {423},
  pages = {139-144},
  year = {2003}
}

@article{lev00,
  author = {Levin, B. R. and Perrot, V. and Walker, N.},
  title = {Compensatory mutations, antibiotic resistance and
    the population genetics of adaptive evolution in bacteria},
  journal = {Genetics},
  volume = {154},
  pages = {985-997},
  year = {2000}
}

@book{lew00,
  author = {Lewontin, R. C.},
  title = {The triple helix: gene, organism, and environment},
  publisher = {Harvard University Press},
  address = {Cambridge, MA},
  year = {2000}
}

@article{lyn95,
  author = {Lynch, M. and Conery, J. and B\"urger, R.},
  title = {Mutational meltdowns in sexual populations},
  journal = {Evolution},
  volume = {49},
  pages = {1067-1080},
  year = {1995}
}

@article{mah11,
  author = {Maheshwari, S. and Barbash, D. A.}, year = {2011},
  title = {The genetics of hybrid incompatibilities},
  journal = {Annu. Rev. Genet.}, volume = {45}, pages = {331-355}
}

@article{mai02,
  author = {Maisnier-Patin, S. and Berg, O. G. and Liljas, L. and
    Andersson, D. I.},
  title = {Compensatory adaptation to the deleterious effect of
    antibiotic resistance in \textit{Salmonella typhimurium}},
  journal = {Mol. Microbiol.}, volume = {46}, pages = {355-366}, year = {2002}
}

@book{may42,
  author = {Mayr, E.}, title = {Systematics and the origin of species},
  publisher = {Columbia University Press}, address = {New York}, year = {1942}
}

@book{may63,
  author = {Mayr, E.}, title = {Animal species and evolution},
  publisher = {Columbia University Press}, address = {New York}, year = {1963}
}

@article{mih08,
  author = {Mihola, O. and Trachtulec, Z. and Vleck, C. and
    Schimenti, J. C. and Forejt, J.},
  title = {A mouse speciation gene encodes a meiotic histone H3
    methyltransferase},
  journal = {Science}, volume = {232}, pages = {373-375}, year = {2008}
}

@article{mis06,
  author = {Misevic, D. and Ofria, C. and Lenski, R. E.},
  title = {Sexual reproduction reshapes the genetic architecture of
    digital organisms},
  journal = {Proc. R. Soc. B}, volume = {273}, pages = {457-464}, year = {2006}
}

@article{mis10,
  author = {Misevic, D. and Ofria, C. and Lenski, R. E.},
  title = {Experiments with digital organisms on the origin and
    maintenance of sex in changing environments},
  journal = {J. Hered.}, volume = {101 Suppl 1}, pages = {S46-54}, year = {2010}
}

@article{moo00,
  author = {Moore, F. B. G. and Rozen, D. E. and Lenski, R. E.},
  title = {Pervasive compensatory adaptation in Escherichia coli},
  journal = {Proc. R. Soc. Lond. B}, volume = {267}, pages = {515-522},
  year = {2000}
}

@article{noo06,
  author = {Noor, M. A. F. and Feder, J. L.}, year = {2006},
  title = {Speciation genetics: evolving approaches},
  journal = {Nat. Rev. Genet.}, volume = {7}, pages = {851-861}
}

@article{nos11,
  author = {Nosil, P. and Schluter, D.}, year = {2011},
  title = {The genes underlying the process of speciation},
  journal = {TREE}, volume = {26}, pages = {160-167}
}

@article{ofr04,
  author = {Ofria, C. and Wilke, C. O.},
  title = {Avida: A software platform for research in
    computational evolutionary biology},
  journal = {Artif. Life}, volume = {10}, pages = {191-229}, year = {2004}
}

@article{orr95,
  author = {Orr, H. A.},
  title = {The population genetics of speciation:
    the evolution of hybrid incompatibilities},
  journal = {Genetics}, volume = {139}, pages = {1805-1813}, year = {1995}
}

@article{orr07,
  author = {Orr, H. A. and Masly, J. P. and Phadnis, N.},
  title = {Speciation in \textit{Drosophila}: From phenotypes to molecules},
  journal = {J. Hered.}, volume = {98}, pages = {103-110}, year = {2007}
}

@article{orr00,
  author = {Orr, H. A. and Presgraves, D. C.}, year = {2000},
  title = {Speciation by postzygotic isolation: forces, genes, and molecules},
  journal = {BioEssays}, volume = {22}, pages = {1085-1094}
}

@article{orr01,
  author = {Orr, H. A. and Turelli, M.},
  title = {The evolution of postzygotic isolation:
    accumulating Dobzhansky-Muller incompatibilities},
  journal = {Evolution}, volume = {55}, pages = {1085-1094}, year = {2001}
}

@article{pha09,
  author = {Phadnis, N. and Orr, H. A.},
  title = {A single gene causes both male sterility and segregation distortion
    in \textit{Drosophila} hybrids},
  journal = {Science}, volume = {323}, pages = {376-379}, year = {2009}
}

@article{poo05,
  author = {Poon, A. F. Y. and Chao, L.},
  title = {The rate of compensatory mutation in the {DNA}
    bacteriophage $\upphi${X}174},
  journal = {Genetics}, volume = {170}, pages = {989-999}, year = {2005}
}

@article{pre10,
  author = {Presgraves, D. C.},
  title = {The molecular evolutionary basis of species formation},
  journal = {Nat. Rev. Genet.}, volume = {11}, pages = {175-180}, year = {2010}
}

@article{ram03,
  author = {Ramsey, J. and Bradshaw, H. D. and Schemske, D. W.},
  title = {Components of reproductive isolation between the monkeyflowers
    \textit{Mimulus lewisii} and \textit{M. cardinalis} ({Phrymaceae})},
  journal = {Evolution}, volume = {57}, pages = {1520-1534}, year = {2003}
}

@article{run00,
  author = {Rundle, H. D. and Nagel, L. and Boughman, J. W. and Schluter, D.},
  title = {Natural selection and parallel speciation in
    sympatric sticklebacks},
  journal = {Science}, volume = {287}, pages = {306-308}, year = {2000}
}

@article{sch08,
  author = {Schartl, M.},
  title = {Evolution of \emph{Xmrk}: an oncogene, but also a speciation gene?},
  journal = {BioEssays}, volume = {30}, pages = {822-832}, year = {2008}
}

@article{sch10,
  author = {Schemske, D. W.}, year = {2010},
  title = {Adaptation and \emph{The Origin of Species}},
  journal = {Amer. Nat.}, volume = {176}, pages = {S4-S25}
}

@article{sch09,
  author = {Schluter, D.},
  title = {Evidence for ecological speciation and its alternative},
  journal = {Science}, volume = {323}, pages = {737-741}, year = {2009}
}

@article{sch09b,
  author = {Schluter, D. and Conte, G. L.},
  title = {Genetics and ecological adaptation},
  journal = {Proc. Natl. Acad. Sci. USA}, volume = {106},
  pages = {9955-9962}, year = {2009}
}

@article{sch96,
  author = {Schrag, S. J. and Perrot, V.},
  title = {Reducing antibiotic resistance},
  journal = {Nature}, volume = {381}, pages = {120-121}, year = {1996}
}

@article{sch97,
  author = {Schrag, S. J. and Perrot, V. and Levin, B. R.},
  title = {Adaptation to the fitness costs of antibiotic resistance in
    textit{Escherichia coli}},
  journal = {Proc. R. Soc. Lond. B}, volume = {264}, pages = {1287-1291},
  year = {1997}
}

@article{sob10,
  author = {Sobel, J. M. and Chen, G. F. and Watt, L. R. and Schemske, D. W.},
  title = {The biology of speciation},
  journal = {Evolution}, volume = {64}, pages = {295-315}, year = {2010}
}

@article{tem08,
  author = {Templeton, A. R.},
  title = {The reality and importance of founder speciation in evolution},
  journal = {BioEssays}, volume = {30}, pages = {470-479}, year = {2008}
}

@article{whi03,
  author = {Whitlock, M. C. and Griswold, C. K. and Peters, A. D.},
  title = {Compensating for the meltdown: The critical effective size of
    a population with deleterious and compensatory mutations},
  journal = {Ann. Zool. Fenn.}, volume = {40}, pages = {169-183}, year = {2003}
}

@article{whi99,
  author = {Whitlock, M. C. and Otto, S. P.},
  title = {The panda and the phage:
    compensatory mutations and the persistence of small populations},
  journal = {Trends Ecol. Evol.}, volume = {14}, pages = {295-296},
  year = {1999}
}

@article{wil02,
  author = {Wilke, C. O. and Adami, C.},
  title = {The biology of digital organisms}, journal = {Trends Ecol. Evol.},
  volume = {17}, pages = {528-532}, year = {2002}
}

@article{wol10,
  author = {Wolf, J. B. W. and Lindell J. and Backstr\"om}, year = {2010},
  title = {Speciation genetics: current status and evolving approaches},
  journal = {Proc. R. Soc. B}, volume = {365}, pages = {1717-1733}
}

@article{wu04,
  author = {Wu, C. I. and Ting, C. T.}, title = {Genes and speciation},
  journal = {Nat. Rev. Genet.}, volume = {5}, pages = {114-122}, year = {2004}
}
