@article{ada06,
  author = {Adami, C.},
  title = {Digital genetics: unraveling the genetic basis of evolution},
  journal = {Nature Rev. Genet.}, volume = {7}, pages = {109-118}, year = {2006}
}

@article{ber09,
  author = {Berner, D. and Grandchamp, A. C.},
  title = {Variable progress toward ecological speciation in parapatry:
    stickleback across eight lakestream transitions},
  journal = {Evolution}, volume = {63}, pages = {1740-1753}, year = {2009}
}

@article{bol07,
  author = {Bolnick, D. I. and Fitzpatrick, B. M.},
  title = {Sympatric speciation: models and empirical evidence},
  journal = {Annu. Rev. Ecol. Evol. Syst.},
  volume = {38}, pages = {459-487}, year = {2007}
}

@article{bur99,
  author = {Burton, R. and Rawson, P. D. and Edmands, S.}, year = {1999},
  title = {Genetic architecture of physiological phenotypes:
    empirical evidence for coadapted gene complexes},
  journal = {Amer. Zool.}, volume = {39}, pages = {451-462}
}

@article{cho04,
  author = {Chow, S. S. and Wilke, C. O. and Ofria, C. and Lenski, R. E.
    and Adami, C.},
  title = {Adaptive radiation from resource competition in digital organisms},
  journal = {Science}, volume = {305}, pages = {84-86}, year = {2004}
}

@book{con04,
  author = {Conner, J. K. and Hartl, D. L.}, year = {2004},
  title = {A Primer of Ecological Genetics},
  publisher = {Sinauer Associates, Inc.}, address = {Sunderland, MA}
}

@article{det07,
  author = {Dettman, J. R. and Sirjusingh, C. and Kohn, L. M. and
    Anderson, J. B.},
  title = {Incipient speciation by divergent adaptation and
    antagonistic epistasis in yeast},
  journal = {Nature}, volume = {447}, pages = {585-588}, year = {2007}
}

@article{det08,
  author = {Dettman, J. R. and Anderson, J. B. and Kohn, L. M.}, year = {2008},
  title = {Divergent adaptation promotes reproductive isolation
    among experimental populations of the filamentous fungus \emph{Neurospora}},
  journal = {BMC Evol. Biol.}, volume = {8}, pages = {35}
}

@book{coy04,
  author = {Coyne, Jerry A. and Orr, H. Allen},
  title = {Speciation},
  publisher = {Sinauer Associates, Inc.}, address = {Sunderland, MA},
  year = {2004}
}

@article{ele07,
  author = {Elena, S. F. and Wilke, C. O. and Ofria, C. and Lenski, R. E.},
  title = {Effects of population size and mutation rate
    on the evolution of mutational robustness},
  journal = {Evolution}, volume = {61}, pages = {666-674}, year = {2007}
}

@inbook{fry09,
  author = {Fry, J. D.}, year = {2009},
  title = {Laboratory experiments on speciation},
  booktitle = {Experimental Evolution: Methods and Applications},
  editor = {Garland, T. and Rose, M.},
  publisher = {University of California Press}, address = {Berkeley, CA},
  pages = {631-656}
}

@article{gar06,
  author = {Garant, D. and Ford, S. E. and Hendry, A. P.}, year = {2006},
  title = {The multifarious effects of dispersal and gene flow
    on contemporary adaptation},
  journal = {Funct. Ecol.}, volume = {21}, pages = {434-443}
}

@article{gav03,
  author = {Gavrilets, S.}, year = {2003},
  title = {Perspective: models of speciation:
    what have we learned in 40 years?},
  journal = {Evolution}, volume = {57}, pages = {2197-2215}
}

@book{gil04,                                                                    
  author = {Gillespie, J. H.}, year = {2004},
  title = {Population genetics: a concise guide},
  publisher = {Johns Hopkins University Press}, address = {Baltimore, MD}
}

@book{har97,
  author = {Hartl, D. L. and Clark, A. G.}, year = {1997},
  title = {Principles of population genetics},
  publisher = {Sinauer Associaties, Inc.}, address = {Sunderland, MA}
}

@article{len91,
  author = {Lenski, R. E. and Rose, M. R. and Simpson, S. C. and Tadler, S. C.},
  year = {1991},
  title = {Long-term experimental evolution in \emph{Escherichia coli}. I.
    Adaptation and divergence during 2,000 generations},
  journal = {American Naturalist}, volume = {138}, pages = {1351-1341}
}

@article{len99,
  author = {Lenski, R. E. and Ofria, C. and Collier, T. C. and Adami, C.},
  title = {Genome complexity, robustness, and genetic interactions
    in digital organisms},
  journal = {Nature}, volume = {400}, pages = {661-664}, year = {1999}
}

@article{len03,
  author = {Lenski, R. E. and Ofria, C. and Pennock, R. T. and Adami, C.},
  title = {The evolutionary origin of complex features},
  journal = {Nature}, volume = {423}, pages = {139-144}, year = {2003}
}

@article{li97,
  author = {Li, Z. and Pinson, S. R. M. and Paterson, A. H. and Park, W. D.
    and Stansel, J. W.}, year = {1997},
  title = {Genetics of hybrid sterility and hybrid breakdown
    in an intersubspecific rice (\emph{Oryza sativa} L.) population},
  journal = {Genetics}, volume = {145}, pages = {1139-1148}
}

@article{mac12,
  author = {Mac\'ias Garcia, C. and Smith, G. and Gonz\'alez Zuarth, C.
    and Graves, J. A. and Ritchie, M. G.}, year = {2012},
  title = {Variation in sexual dimorphism and assortative mating
    do not predict genetic divergence in the sexually dimorphic 
    Goodeid fish \emph{Girardinichthys multiradiatus}},
  journal = {Curr. Zool.}, volume = {58}, pages = {440-452}
}

@article{mat10,
  author = {Matute, Daniel R. and Butler, Ian A. and Turissini, David A. and
    Coyne, Jerry A.},
  title = {A test of the snowball theory for the rate of evolution of
    hybrid incompatibilities},
  journal = {Science}, volume = {329}, pages = {1518-1521}, year = {2010}
}

@book{may63,
  author = {Mayr, E.},
  title = {Animal Species and Evolution},
  publisher = {Harvard University Press}, address = {Cambridge, MA},
  year = {1963}
}

@article{mis06,
  author = {Misevic, D. and Ofria, C. and Lenski, R. E.},
  title = {Sexual reproduction reshapes the genetic architecture
    of digital organisms},
  journal = {Proc. R. Soc. B}, volume = {273}, pages = {457-464}, year = {2006}
}

@article{mis10,
  author = {Misevic, D. and Ofria, C. and Lenski, R. E.},
  title = {Experiments with digital organisms on the origin
    and maintenance of sex in changing environments},
  journal = {J. Hered.}, volume = {101}, pages = {S46-S54}, year = {2010}
}

@article{moy10,
  author = {Moyle, Leonie C. and Makazato, Takuya},
  title = {Hybrid incompatibility ``snowballs'' between \emph{Solanum} species},
  journal = {Science}, volume = {329}, pages = {1521-1523}, year = {2010}
}

@article{nos08,
  author = {Nosil, P.},
  title = {Speciation with gene flow could be common},
  journal = {Mol. Ecol.}, volume = {17}, pages = {2103-2106}, year = {2008}
}

@article{nos08b,
  author = {Nosil, P. and Sandoval, C. P.}, year = {2008},
  title = {Ecological nich dimensionality and the evolutionary
    diversification of stick insects},
  journal = {PLoS ONE}, volume = {3}, pages = {e1907}
}

@article{nos09,
  author = {Nosil, P. and Harmon, L. J. and Seehausen, O.},
  title = {Ecological explanations for (incomplete) speciation},
  journal = {Trends Ecol. Evol.},
  volume = {24}, pages = {145-156}, year = {2009}
}

@incollection{nos09b,
  author = {Nosil, P. and Harmon, L. J.}, year = {2009},
  title = {Niche dimensionality and ecological speciation},
  booktitle = {Speciation and patterns of diversity},
  publisher = {Cambridge University Press}, pages = {127-154},
  editor = {Butlin R. K. and Bridle J. and Schluter D.}
}

@article{nos11,
  author = {Nosil, P. and Flaxman, S. M.},
  title = {Conditions for mutation-order speciation},
  journal = {Proc. R. Soc. B}, volume = {278}, pages = {399-407}, year = {2011}
}

@article{ofr04,
  author = {Ofria, C. and Wilke, C. O.},
  title = {Avida: a software platform for research
    in computational evolutionary biology},
  journal = {Artif. Life}, volume = {10}, pages = {191-229}, year = {2004}
}

@article{orr95,
  author = {Orr, H. A.},
  title = {The population genetics of speciation:
    The evolution of hybrid incompatibilities},
  journal = {Genetics}, volume = {139}, pages = {1805-1813}, year = {1995}
}

@article{orr05,
  author = {Orr, H. A.}, year = {2005},
  title = {The probability of parallel evolution},
  journal = {Evolution}, volume = {59}, pages = {216-220}
}

@article{ost07,
  author = {Ostrowski, E. A. and Ofria, C. and Lenski, R. E.}, year = {1997},
  title = {Ecological specialization and adaptive decay in digital organisms},
  journal = {American Naturalist}, volume = {169}, pages = {E1-E20}
}

@article{ott04,
  author = {Otto, S. P.}, year = {2004},
  title = {Two steps forward, one step back:
    the pleiotropic effects of favoured alleles},
  journal = {Proc. R. Soc. B}, volume = {271}, pages = {705-714}
}

@article{per11,
  author = {Pereira, R. J. and Monahan, W. B. and Wake, D. B.}, year = {2011},
  title = {Predictors for reproductive isolation in a ring species complex
    following genetic and ecological divergence},
  journal = {BMC Evol. Biol.}, volume = {11}, pages = {194}
}

@article{ras08,
  author = {R\"{a}s\"{a}nen, K. and Hendry, A. P.}, year = {2008},
  title = {Disentangling interactions between adaptive divergence
    and gene flow when ecology drives diversification},
  journal = {Ecol. Lett.}, volume = {11}, pages = {624-636}
}

@article{ric93,
  author = {Rice, W. R. and Hostert, E. E.}, year = {1993},
  title = {Laboratory experiments in speciation:
    what have we learned in 40 years?},
  journal = {Evolution}, volume = {47}, pages = {1637-1653}
}

@article{ros11,
  author = {Rosenblum, E. B. and Harmon, L. J.},
  title = {``{S}ame same but different'': replicated ecological speciation
    at White Sands}, journal = {Evolution},
  volume = {65}, pages = {946-960}, year = {2011}
}

@article{run05,
  author = {Rundle, H. D. and Nosil, P.}, year = {2005},
  title = {Ecological speciation},
  journal = {Ecol. Lett.}, volume = {8}, pages = {336-352},
}

@article{sch09,
  author = {Schluter, D.},
  title = {Evidence for ecological speciation and its alternative},
  journal = {Science}, volume = {323}, pages = {737-741}, year = {2009}
}

@article{sch09b,
  author = {Schluter, D. and Conte, G. L.}, year = {2009},
  title = {Genetics and ecological speciation},
  journal = {Proc. Natl. Acad. Sci. USA}, volume = {106}, pages = {9955-9962}
}

@article{sob10,
  author = {Sobel, J. M. and Chen, G. F. and Watt, L. R. and Schemske, D. W.},
  title = {The biology of speciation},
  journal = {Evolution}, volume = {64}, pages = {295-315}, year = {2010}
}

@article{ste09,
  author = {Stelkens, R. B. and Seehausen, O.}, year = {2009},
  title = {Phenotypic divergence but not genetic distance
    predicts assortative mating among species of a cichlid fish radiation},
  journal = {J. Evol. Biol.}, volume = {22}, pages = {1679–1694}
}

@article{unc09,
  author = {Unckless, R. L. and Orr, H. A.}, year = {2009},
  title = {Dobzhansky-Muller incompatibilities and adaptation
    to a shared environment},
  journal = {J. Hered.}, volume = {102}, pages = {214-217}
}

@article{wil01,
  author = {Wilke, C. O. and Wang, J. L. and Ofria, C. and Lenski, R. E.
    and Adami, C.},
  title = {Evolution of digital organisms at high mutation rates
    leads to survival of the flattest},
  journal = {Nature}, volume = {412}, pages = {331-333}, year = {2001}
}

@article{wil02,                                                                 
  author = {Wilke, C. O. and Adami, C.},
  title = {The biology of digital organisms}, journal = {Trends Ecol. Evol.},
  volume = {17}, pages = {528-532}, year = {2002}
}

@article{wu01,
  author = {Wu, C. I.}, year = {2001},
  title = {The genic view of the process of speciation},
  journal = {J. Evol. Biol.}, volume = {14}, pages = {851-865}
}
