@article{bar08,
  author = {Barrett, R. D. H. and Schluter, D.}, year = {2008},
  title = {Adaptation from standing genetic variation},
  journal = {Trends Ecol. Evol.}, volume = {23}, pages = {38-44}
}

@book{coy04,
  author = {Coyne, Jerry A. and Orr, H. Allen}, year = {2004},
  title = {Speciation},
  publisher = {Sinauer Associates, Inc.}, address = {Sunderland, MA}
}

@article{kno11,
 author = {Knoester, David B. and McKinley, Philip K.}, year = {2011},
 title = {Evolution of synchronization and desynchronization
   in digital organisms},
 journal = {Artif. Life}, volume = {17}, pages = {1--20},
}

@article{orr05,
  author = {Orr, H. A.}, year = {2005},
  title = {The genetic theory of adaptation: a brief history},
  journal = {Nature Rev. Genet.}, volume = {6}, pages = {119-127}
}

@article{sch10,
  author = {Schemske, D. W.}, year = {2010},
  title = {Adaptation and \emph{The Origin of Species}},
  journal = {Amer. Nat.}, volume = {176}, pages = {S4-S25}
}

@article{sch09,
  author = {Schluter, D.}, year = {2009},
  title = {Evidence for ecological speciation and its alternative},
  journal = {Science}, volume = {323}, pages = {737-741}
}

@article{sob10,
  author = {Sobel, J. M. and Chen, G. F. and Watt, L. R. and Schemske, D. W.},
  year = {2010}, title = {The biology of speciation},
  journal = {Evolution}, volume = {64}, pages = {295-315}
}

@article{ofr04,
  author = {Ofria, C. and Wilke, C. O.}, year = {2004},
  title = {Avida: a software platform for research
    in computational evolutionary biology},
  journal = {Artif. Life}, volume = {10}, pages = {191-229}
}
