@article{ada06,                                                                 
  author = {Adami, C.},                                                         
  title = {Digital genetics: unraveling the genetic basis of evolution},        
  journal = {Nature Rev. Genet.}, volume = {7}, pages = {109-118}, year = {2006}
}
@article{bar08,
  author = {Barrett, R. D. H. and Schluter, D.}, year = {2008},
  title = {Adaptation from standing genetic variation},
  journal = {Trends Ecol. Evol.}, volume = {23}, pages = {38-44}
}
@article{col05,
  author = {Colosimo, P. F. and Hosemann, K. E. and Balabhadra, S.
    and Villarreal Jr., G. and Dickson, M. and Grimwood, J.  and Schmutz, J.
    and Myers, R. M. and Schluter, D. and Kingsley, D. M.}, year = {2005},
  title = {Widespread parallel evolution in sticklebacks by
    repeated fixation of ectodysplasin alleles},
  journal = {Science}, volume = {307}, pages = {1928-1933}
}
@article{ele08,                                                                 
  author = {Elena, S. F. and Sanju\'an, R.},                                    
  title = {The effect of genetic robustness on evolvability                     
    in digital organisms},                                                      
  journal = {BMC Evol. Biol.}, volume = {8}, pages = {284}, year = {2008}       
}
@article{ell08,
  author = {Ellegren, H. and Sheldon, B. C. }, year = {2008},
  title = {Genetic basis of fitness differences in natural populations},
  journal = {Nature}, volume = {452}, pages = {169-175}
}
@article{eyr07,
  author = {Eyre-Walker, A. and Keightley, P. D.}, year = {2007},
  title = {The distribution of fitness effects of new mutations},
  journal = {Nature Rev. Genet.}, volume = {8}, pages = {610-618}
}
@article{fed97,
  author = {Feder, J. L. and Roethele, J. B. and Wlazlo, B.
    and Berlocher, S. H.}, year = {1997},
  title = {Selective maintenance of allozygme differences among
    sympatric host races of the apple maggot fly},
  journal = {Proc. Natl. Acad. Sci. USA}, volume = {94}, pages = {11417-11421}
}
@article{gib04,
  author = {Gibson, G. and Dworkin, I.}, year = {2004},
  title = {Uncovering cryptic genetic variation},
  journal = {Nature Rev. Genet.}, volume = {4}, pages = {681-690}
}
@book{gil04,                                                                    
  author = {Gillespie, J. H.}, year = {2004},
  title = {Population genetics: a concise guide},
  publisher = {Johns Hopkins University Press}, address = {Baltimore, MD}
}
@book{har97,                                                                    
  author = {Hartl, D. L. and Clark, A. G.}, year = {1997},
  title = {Principles of population genetics},
  publisher = {Sinauer Associaties, Inc.}, address = {Sunderland, MA}
}
@article{her05,
  author = {Hermisson, J. and Pennings, P. S.}, year = {2005},
  title = {Soft sweeps: molecular population genetics
    of adaptation from standing genetic variation},
  journal = {Genetics}, volume = {169}, pages = {2335-2352}
}
@article{kim64,
  author = {Kimura, M. and Crow, J. F.}, year = {1964},
  title = {The number of alleles that can be maintained in a finite population},
  journal = {Genetics}, volume = {49}, pages = {725-738}
}
@article{len99,                                                                 
  author = {Lenski, R. E. and Ofria, C. and Collier, T. C. and Adami, C.},      
  title = {Genome complexity, robustness, and genetic interactions              
    in digital organisms},                                                      
  journal = {Nature}, volume = {400}, pages = {661-664}, year = {1999}          
}
@article{mis06,                                                                 
  author = {Misevic, D. and Ofria, C. and Lenski, R. E.},                       
  title = {Sexual reproduction reshapes the genetic architecture                
    of digital organisms},                                                      
  journal = {Proc. R. Soc. B}, volume = {273}, pages = {457-464}, year = {2006} 
}
@article{myl05,
  author = {Myles, S. and Bouzekri, N. and Haverfield, E.
    and Cherkaoui, M. and Dugoujon, J.-M. and Ward, R.}, year = {2005},
  title = {Genetic evidence in support of a shared
    Eurasian-North African dairying origin},
  journal = {Hum. Genet.}, volume = {117}, pages = {34-42}
}
@article{ofr04,                                                                 
  author = {Ofria, C. and Wilke, C. O.},                                        
  title = {Avida: a software platform for research                              
    in computational evolutionary biology},                                     
  journal = {Artif. Life}, volume = {10}, pages = {191-229}, year = {2004}      
}
@article{pri10,
  author = {Pritchard, J. K. and Di Rienzo, A.}, year = {2010},
  title = {Adaptation -- not by sweeps alone},
  journal = {Nature Rev. Genet.}, volume = {11}, pages = {665-667}
}
@article{san04,
  author = {Sanju\'an, R. and Moya, A. and Elena, S. F}, year = {2004},
  title = {The distribution of fitness effects caused by
    single-nucleotide substitutions in an {RNA} virus},
  journal = {Proc. Natl. Acad. Sci. USA}, volume = {101}, pages = {8396-8401}
}
@article{sca09,
  author = {Scarcelli, N. and Kover, P. X.}, year = {2009},
  title = {Standing genetic variation in \emph{FRIGIDA} mediates
    experimental evolution of flowering time in \emph{Arabidopsis}},
  journal = {Mol. Ecol.}, volume = {18}, pages = {2039-2049}
}
@article{sel80,
  author = {Selander, R. K. and Levin, B. R.}, year = {1980},
  title = {Genetic diversity and structure in
    \emph{Escherichia coli} populations},
  journal = {Science}, volume = {210}, pages = {545-547}
}
@article{ste01,
  author = {Stephens, J. C. and others}, year = {2001},
  title = {Haplotype variation and linkage disequilibrium in 313 human genes},
  journal = {Science}, volume = {293}, pages = {489-493}
}
@article{teo09,
  author = {Teot\'{o}nio, H. and Chelo, I. M. and Bradi\'{c}, M.
    and Rose, M. R. and Long, A. D.}, year = {2009},
  title = {Experimental evolution reveals natural selection
    on standing genetic variation},
  journal = {Nat. Genet.}, volume = {41}, pages = {251-257}
}
@article{vas00,
  author = {Vassilieva, L. L. and Hook, A. M. and Lynch, M.}, year = {2000},
  title = {The fitness effects of spontaneous mutations
    in \emph{Caenorhabditis elegans}},
  journal = {Evolution}, volume = {54}, pages = {1234-1246}
}
@article{wil02,                                                                 
  author = {Wilke, C. O. and Adami, C.},                                        
  title = {The biology of digital organisms}, journal = {Trends Ecol. Evol.},   
  volume = {17}, pages = {528-532}, year = {2002}                               
}
@article{zey01,
  author = {Zeyl, C. and DeVisser, J. A. G. M.}, year = {2001},
  title = {Estimates of the rate and distribution of fitness effects
    of spontaneous mutation in \emph{Saccharomyces cerevisiae}},
  journal = {Genetics}, volume = {157}, pages = {53-61}
}
