@article{ada06,
  author = {Adami, C.},
  title = {Digital genetics: unraveling the genetic basis of evolution},
  journal = {Nature Rev. Genet.}, volume = {7}, pages = {109-118}, year = {2006}
}

@article{bar00,
  author = {Barbash, D. A. and Roote, J. and Ashburner, M.},
  title = {The \emph{Drosophila melanogaster Hybrid male rescue}
    gene causes inviability in male and female species hybrids},
  journal = {Genetics}, volume = {154}, pages = {1747-1771}, year = {2000}
}

@article{bar11,
  author = {Barbash, D. A.}, year = {2011},
  title = {Comment on ``a test of the snowball theory
    for the rate of evolution of hybrid incompatibilities''},
  journal = {Science}, volume = {333}, pages = {1576}
}

@article{bol05,
  author = {Bolnick, Daniel I. and Near, Thomas J.},
  title = {Tempo of hybrid inviability in centrarchid fishes
    (Teleostei: Centrarchidae)},
  journal = {Evolution}, volume = {59}, pages = {1754-1767}, year = {2005}
}

@book{bol08,
  author = {Bolker, B. M.},
  title = {Ecological models and data in R},
  publisher = {Princeton University Press}, address = {Princeton, NJ},
  year = {2008}
}

@article{bur99,
  author = {Burch, C. L. and Chao, L.}, year = {1999},
  title = {Evolution by small steps and rugged landscapes in the {RNA} virus
    $\phi$6},
  journal = {Genetics}, volume = {151}, pages = {921-927}
}

@article{cho04,
  author = {Chow, S. S. and Wilke, C. O. and Ofria, C. and Lenski, R. E.
    and Adami, C.},
  title = {Adaptive radiation from resource competition in digital organisms},
  journal = {Science}, volume = {305}, pages = {84-86}, year = {2004}
}

@article{clu08,
  author = {Clune, J. and Misevic, D. and Ofria, C. and Lenski, R. E.
    and Elena, S. F. and Sanju\'an, R.},
  title = {Natural selection fails to optimize mutation rates
    for long-term adaptation on rugged fitness landscapes},
  journal = {PLoS Comput. Biol.}, volume = {4}, pages = {e1000187},
  year = {2008}
}

@book{coy04,
  author = {Coyne, Jerry A. and Orr, H. Allen},
  title = {Speciation},
  publisher = {Sinauer Associates, Inc.}, address = {Sunderland, MA},
  year = {2004}
}

@article{ele06,
  author = {Elena, S. F. and Carrasco, P. and Dar\`os, J. A.
    and Sanju\'an, R.},
  title = {Mechanisms of genetic robustness in RNA viruses},
  journal = {EMBO Reps.}, volume = {7}, pages = {168-173}, year = {2006}
}

@article{ele07,
  author = {Elena, S. F. and Wilke, C. O. and Ofria, C. and Lenski, R. E.},
  title = {Effects of population size and mutation rate
    on the evolution of mutational robustness},
  journal = {Evolution}, volume = {61}, pages = {666-674}, year = {2007}
}

@article{ele08,
  author = {Elena, S. F. and Sanju\'an, R.},
  title = {The effect of genetic robustness on evolvability
    in digital organisms},
  journal = {BMC Evol. Biol.}, volume = {8}, pages = {284}, year = {2008}
}

@article{est11,
  author = {Estes, S. and Phillips, P. C. and Denver, D. R.}, year = {2011},
  title = {Fitness recovery and compensatory evolution in natural
    mutant lines of \textit{C. elegans}},
  journal = {Evolution}, volume = {65}, pages = {2335-2344}
}

@article{gou10,
  author = {Gourbi\`ere, S\'ebastien and Mallet, James},
  title = {Are species real? The shape of the species boundary
    with exponential failure, reinforcement, and the ``missing snowball''},
  journal = {Evolution}, volume = {64}, pages = {1-24}, year = {2010}
}

@article{har96,
  author = {Hartl, D. L. and Taubes, C. H.}, year = {1996},
  title = {Compensatory nearly neutral mutations: Selection without adaptation},
  journal = {J. Theor. Biol.}, volume = {182}, pages = {303-309}
}

@article{len03,
  author = {Lenski, R. E. and Ofria, C. and Pennock, R. T. and Adami, C.},
  title = {The evolutionary origin of complex features},
  journal = {Nature}, volume = {423}, pages = {139-144}, year = {2003}
}

@article{len99,
  author = {Lenski, R. E. and Ofria, C. and Collier, T. C. and Adami, C.},
  title = {Genome complexity, robustness, and genetic interactions
    in digital organisms},
  journal = {Nature}, volume = {400}, pages = {661-664}, year = {1999}
}
@article{lij03,
  author = {Lijtmaer, Dario A. and Mahler, Betina and Turbaro, Pablo L.},
  title = {Hybridization and postzygotic isolation patterns
    in pigeons and doves},
  journal = {Evolution}, volume = {57}, pages = {1411-1418}, year = {2003}
}

@article{mah11,
  author = {Maheshwari, S. and Barbash, D. A.}, year = {2011},
  title = {The genetics of hybrid incompatibilities},
  journal = {Annu. Rev. Genet.}, volume = {45}, pages = {331-355}
}

@article{mal08,
  author = {Malon, John H. and Fontenot, Brian E.},
  title = {Patterns of reproductive isolation in toads},
  journal = {PLoS ONE}, volume = {3}, pages = {e3900}, year = {2008}
}

@article{mat10,
  author = {Matute, Daniel R. and Butler, Ian A. and Turissini, David A. and
    Coyne, Jerry A.},
  title = {A test of the snowball theory for the rate of evolution of
    hybrid incompatibilities},
  journal = {Science}, volume = {329}, pages = {1518-1521}, year = {2010}
}

@article{men04,
  author = {Mendelson, Tamra C. and Inouye, Brian D. and Rausher, Mark D.},
  title = {Quantifying patterns in the evolution of reproductive isolation},
  journal = {Evolution}, volume = {58}, pages = {1424-1433}, year = {2004}
}

@article{mis06,
  author = {Misevic, D. and Ofria, C. and Lenski, R. E.},
  title = {Sexual reproduction reshapes the genetic architecture
    of digital organisms},
  journal = {Proc. R. Soc. B}, volume = {273}, pages = {457-464}, year = {2006}
}

@article{mis10,
  author = {Misevic, D. and Ofria, C. and Lenski, R. E.},
  title = {Experiments with digital organisms on the origin
    and maintenance of sex in changing environments},
  journal = {J. Hered.}, volume = {101}, pages = {S46-S54}, year = {2010}
}

@article{moo00,
  author = {Moore, F. B. G. and Rozen, D. E. and Lenski, R. E.},
  title = {Pervasive compensatory adaptation in Escherichia coli},
  journal = {Proc. R. Soc. Lond. B}, volume = {267}, pages = {515-522},
  year = {2000}
}

@article{moy09,
  author = {Moyle, L. C. and Payseur, B. A.}, year = {2009},
  title = {Reproductive isolation grows on trees},
  journal = {TREE}, volume = {24}, pages = {591â€“598}
}

@article{moy10,
  author = {Moyle, Leonie C. and Makazato, Takuya},
  title = {Hybrid incompatibility ``snowballs'' between \emph{Solanum} species},
  journal = {Science}, volume = {329}, pages = {1521-1523}, year = {2010}
}

@article{now97,
  author = {Nowak, M. A. and Boerlijst, M. C. and Cooke, J.
    and Maynard Smith, J.},
  title = {Evolution of genetic redundancy},
  journal = {Nature}, volume = {388}, pages = {167-171}, year = {1997}
}

@article{ofr04,
  author = {Ofria, C. and Wilke, C. O.},
  title = {Avida: a software platform for research
    in computational evolutionary biology},
  journal = {Artif. Life}, volume = {10}, pages = {191-229}, year = {2004}
}

@article{orr00,
  author = {Orr, H. A. and Irving, S.},
  title = {Genetic analysis of the \emph{Hybrid male rescue}
    locus of \emph{Drosophila}},
  journal = {Genetics}, volume = {155}, pages = {225-231}, year = {2000}
}

@article{orr01,
  author = {Orr, H. A. and Turelli, M.}, year = {2001},
  title = {The evolution of postzygotic isolation: accumulating
    Dobzhansky-Muller incompatibilities},
  journal = {Evolution}, volume = {55}, pages = {1085-1094}
}

@article{orr05,
  author = {Orr, H. A.}, year = {2005},
  title = {The genetic basis of reproductive isolation:
    insights from \emph{Drosophila}},
  journal = {Proc. Natl. Acad. Sci. USA}, volume = {102 Suppl 1},
  pages = {6522-6526}
}

@article{orr07,
  author = {Orr, H. A. and Masly, J. P. and Phadnis, N.}, year = 2007,
  title = {Speciation in \emph{Drosophila}: from genes to molecules},
  journal = {J. Hered.}, volume = {98}, pages = {103-110}
}

@article{orr95,
  author = {Orr, H. Allen},
  title = {The population genetics of speciation:
    The evolution of hybrid incompatibilities},
  journal = {Genetics}, volume = {139}, pages = {1805-1813}, year = {1995}
}

@article{pha09,
  author = {Phadnis, N. and Orr, H. A.},
  title = {A single gene causes both male sterility and segregation distortion
    in \textit{Drosophila} hybrids},
  journal = {Science}, volume = {323}, pages = {376-379}, year = {2009}
}

@article{pre10,
  author = {Presgraves, D. C.}, year = {2010},
  title = {Speciation genetics: search for the missing snowball},
  journal = {Curr. Biol.}, volume = {20}, pages = {R1073-R1074}
}

@Manual{r13,
  author = {{R Core Team}}, year = {2013},
  title = {R: A Language and Environment for Statistical Computing},
  organization = {R Foundation for Statistical Computing},
  address = {Vienna, Austria}, url = {http://www.R-project.org}
}

@article{sco08,
  author = {Scopece, Giovanni and Widmer, Alex and Cozzolino, Salvatore},
  title = {Evolution of postzygotic reproductive isolation
    in a guild of deceptive orchids},
  journal = {Am. Nat.}, volume = {171}, pages = {315-326}, year = {2008}
}

@article{wag99,
  author = {Wagner, A.},
  title = {Redundant gene functions and natural selection},
  journal = {J. Evol. Biol}, volume = {12}, pages = {1-16}, year = {1999}
}

@article{wil01,
  author = {Wilke, C. O. and Wang, J. L. and Ofria, C. and Lenski, R. E.
    and Adami, C.},
  title = {Evolution of digital organisms at high mutation rates
    leads to survival of the flattest},
  journal = {Nature}, volume = {412}, pages = {331-333}, year = {2001}
}

@article{wil02,
  author = {Wilke, C. O. and Adami, C.},
  title = {The biology of digital organisms}, journal = {Trends Ecol. Evol.},
  volume = {17}, pages = {528-532}, year = {2002}
}

@article{wol10,
  author = {Wolf, J. B. W. and Lindell, J. and Backstr\"om, N.}, year = {2010},
  title = {Speciation genetics: current status and evolving approaches},
  journal = {Phil. Trans. R. Soc. B}, volume = {365}, pages = {1717-1733}
}
